@book{10.5555/578826,
  author = {Stone, Harold S.},
  title = {Introduction to Computer Organization and Data Structures},
  year = {1971},
  isbn = {0070617260},
  publisher = {McGraw-Hill, Inc.},
  address = {USA},
  howpublished = "\url{https://dl.acm.org/doi/10.5555/578826}",
}
@techreport{kernighan1973b,
  title={A Tutorial Introduction to the Programming Language B},
  author={Kernighan, Brian W.},
  year={1973},
  institution={Bell Laboratories},
  address={Murray Hill, NJ}
}
@book{kernighan1988c,
  title={The C Programming Language},
  author={Kernighan, Brian W. and Ritchie, Dennis M.},
  year={1988},
  publisher={Prentice Hall},
  address={Englewood Cliffs, NJ},
  edition={2nd},
  isbn={978-0131103627}
}
@book{stroustrup1997,
  author = {Bjarne Stroustrup},
  title = {The C++ Programming Language},
  year = {1997},
  edition = {3rd},
  publisher = {Addison-Wesley},
  address = {Reading, MA, USA},
  isbn = {978-0201889543}
}
@book{stroustrup2013,
  author = {Stroustrup, Bjarne},
  title = {The C++ Programming Language},
  year = {2013},
  isbn = {0321563840},
  publisher = {Addison-Wesley Professional},
  edition = {4th},
    howpublished = "\url{https://dl.acm.org/doi/10.5555/2543987}",
  abstract = {C++11 has arrived: thoroughly master it, with the definitive new guide from C++ creator Bjarne Stroustrup, C++ Programming Language, Fourth Edition! The brand-new edition of the world's most trusted and widely read guide to C++, it has been comprehensively updated for the long-awaited C++11 standard. Extensively rewritten to present the C++11 language, standard library, and key design techniques as an integrated whole, Stroustrup thoroughly addresses changes that make C++11 feel like a whole new language, offering definitive guidance for leveraging its improvements in performance, reliability, and clarity. C++ programmers around the world recognize Bjarne Stoustrup as the go-to expert for the absolutely authoritative and exceptionally useful information they need to write outstanding C++ programs. Now, as C++11 compilers arrive and development organizations migrate to the new standard, they know exactly where to turn once more: Stoustrup's C++ Programming Language, Fourth Edition.}
  }

